<?xml version="1.0" encoding="UTF-8"?><collection><record><leader>06619ntm a2200673 a 4500</leader><controlfield tag="001">006836759</controlfield><controlfield tag="003">MiAaHDL</controlfield><controlfield tag="005">20190719000000.0</controlfield><controlfield tag="006">m        d        </controlfield><controlfield tag="007">cr bn ---auaua</controlfield><controlfield tag="008">090708q16501750ii            00| ||per d</controlfield><datafield tag="035" ind1=" " ind2=" "><subfield code="a">(MiU)006836759</subfield></datafield><datafield tag="035" ind1=" " ind2=" "><subfield code="a">sdr-miu006836759</subfield></datafield><datafield tag="040" ind1=" " ind2=" "><subfield code="a">MiU</subfield><subfield code="c">MiU</subfield><subfield code="e">amremm</subfield></datafield><datafield tag="043" ind1=" " ind2=" "><subfield code="a">n-us-mi</subfield><subfield code="a">a-ii---</subfield></datafield><datafield tag="100" ind1="0" ind2=" "><subfield code="6">880-01</subfield><subfield code="a">Harikaṇa,</subfield><subfield code="c">Multānī</subfield></datafield><datafield tag="240" ind1="1" ind2="0"><subfield code="6">880-02</subfield><subfield code="a">Irshād al-ṭālibīn</subfield></datafield><datafield tag="245" ind1="1" ind2="0"><subfield code="6">880-03</subfield><subfield code="a">Inshā-i Harkarn,</subfield><subfield code="f">[late 17th or early 18th century?].</subfield></datafield><datafield tag="246" ind1="3" ind2=" "><subfield code="a">Insha-i Herkerm</subfield></datafield><datafield tag="246" ind1="3" ind2=" "><subfield code="a">Inshā-i Herkern</subfield></datafield><datafield tag="246" ind1="3" ind2="8"><subfield code="a">Her Kern</subfield></datafield><datafield tag="246" ind1="3" ind2=" "><subfield code="a">ارشاد الطالبین</subfield></datafield><datafield tag="260" ind1=" " ind2=" "><subfield code="c">[1650-1750].</subfield></datafield><datafield tag="300" ind1=" " ind2=" "><subfield code="a">91 leaves :</subfield><subfield code="b">paper ;</subfield><subfield code="c">198 x 108 (155 x 60) mm. bound to 205 x 120 mm.</subfield></datafield><datafield tag="500" ind1=" " ind2=" "><subfield code="a">Shelfmark: Ann Arbor, University of Michigan, Special Collections Library, Isl. Ms. 870</subfield></datafield><datafield tag="500" ind1=" " ind2=" "><subfield code="a">Origin: Lacks dated colophon ; paper, etc. suggest mid to late 16th or early 18th century dating ; dated ownership statement (see p.15, 184, etc.) provides terminus ante quem of 1750.</subfield></datafield><datafield tag="500" ind1=" " ind2=" "><subfield code="a">Accompanying materials: a. Slip with description (in hand of E. Husselman ?) "Hari-Karana, son of Mathurā-dāsa, Multānī. | Inshā. | Cat. of Pers. Bks. in BM Cat. several editions | n. f. in Mich. MSS." and (in hand of G. Meredith-Owens ?) "A work on epistolary style." -- b. Slip with note "Counted for 1968/69 Annual Report" -- c. Slip with note "Persian MSS (Heyworth-Dunne?) Husselman notes"</subfield></datafield><datafield tag="500" ind1=" " ind2=" "><subfield code="a">Former shelfmark: Mich. Isl. Ms. temp. no. 19</subfield></datafield><datafield tag="500" ind1=" " ind2=" "><subfield code="a">Binding: Boards covered in shell 'marbled' paper (mainly in pink, blue and yellow) with orange-brown leather over spine and board corners (approaching half-binding) ; Western style binding ; pastedowns and flyleaves in grey paper ; spine gold-stamped with "HER | KERN" and decorative bands ; edges of text block flecked with red ; sewn in white thread over three recessed cords ; stuck-on endbands ; overall in somewhat poor condition with much abrasion, deterioration of leather, lifting and losses of spine leather, etc.</subfield></datafield><datafield tag="500" ind1=" " ind2=" "><subfield code="a">Support: European and non-European (likely Indian or Persian) laid paper ; opening gathering in a paper with roughly 7 laid lines per cm. (horizontal, fairly distinct, curving) and no laid lines clearly visible, cloudy formation, thin and transluscent though sturdy, burnished, grayish tint ; thereafter (from p.31) in a European laid paper with 9 laid lines per cm. (horizontal or vertical), chain lines spaced 24 mm. apart (vertical or horizontal), and watermarks of three crescents (roughly 72 mm. long, parallel to chains, see p.40, 78, 112, etc.) and mount of six coupeaux with star above (see p.102, 126, 154, etc.), sturdy, medium cream in color, well-burnished.</subfield></datafield><datafield tag="500" ind1=" " ind2=" "><subfield code="a">Decoration: Keywords and headings rubricated (text to be entered in red entered in inner margins) ; overlining in red ; occasional textual dividers in the form of red hāʼ.</subfield></datafield><datafield tag="500" ind1=" " ind2=" "><subfield code="a">Script: Shikastah-taʻlīq (taʻlīq with elements of shikastah) ; bold, elegant Indian [?] chancery hand in a heavy line ; partially seriffed with left-sloping head-serifs and highly ligatured with effect of words descending to baseline, elongation of horizontal strokes, occasional reversed or recurved final descenders, etc.</subfield></datafield><datafield tag="500" ind1=" " ind2=" "><subfield code="a">Layout: Written in roughly 10 lines per page ; frame-ruled.</subfield></datafield><datafield tag="500" ind1=" " ind2=" "><subfield code="a">Collation: ii, 6 (6), IV (14), 11 III(80), III-1 (85), 6 (91), ii ; almost exclusively ternions ; middle of the quire marks in the form of black strokes, lower outer corner of right-hand leaf, upper outer corner of left-hand leaf ; some added leaves (six each at the opening and close of the codex) bound in upside down ; catchwords present ; pagination initially in black ink, continued in pencil, Western numerals (every other leaf) ; pagination in pencil, Western numerals, supplied during digitization (includes inner flyleaves and added leaves).</subfield></datafield><datafield tag="500" ind1=" " ind2=" "><subfield code="a">Incipit: "بعد از حمد وثنای مر حضرت ایزد متعال ذو الحلال والافضال ..."</subfield></datafield><datafield tag="500" ind1=" " ind2=" "><subfield code="a">Title from inscription on 'title page' (p.15).</subfield></datafield><datafield tag="500" ind1=" " ind2=" "><subfield code="a">Ms. codex.</subfield></datafield><datafield tag="510" ind1="4" ind2=" "><subfield code="a">منزوي، احمد. فهرست نسخه هاي خطي فارسي،</subfield><subfield code="c">جلد 3، صفحه 2113</subfield></datafield><datafield tag="510" ind1="4" ind2=" "><subfield code="a">Munzavī, Aḥmad. Fihrist-i nuskhahʹhā-yi khaṭṭī-i Fārsī,</subfield><subfield code="c">vol.3, p.2113</subfield></datafield><datafield tag="510" ind1="4" ind2=" "><subfield code="a">Qasemi, S.H. "HARKARN DĀS KANBŌH," Encyclopaedia Iranica,</subfield><subfield code="c">vol. 12, fascicle 1, 2004: pp.6</subfield></datafield><datafield tag="510" ind1="4" ind2=" "><subfield code="a">Bazmee Ansari, A.S. "Harkarn, b. Mathurādās." In EI2,</subfield><subfield code="c">vol. III, p.225, col. 2</subfield></datafield><datafield tag="510" ind1="4" ind2=" "><subfield code="a">Cat. Pers. MSS. Brit. Mus.,</subfield><subfield code="c">p.530</subfield></datafield><datafield tag="520" ind1="8" ind2=" "><subfield code="a">Elegant copy of the collection of model letters of appointment and other official documents compiled (certainly after 1625, possibly after 1645) by Harkarn [Harkaran] ibn Mathurādās of Multān, secretary (munshī) of Iʻtibār Khān (d.1625). Contribution to the cataloguing from Hossein Mottaghi.</subfield></datafield><datafield tag="538" ind1=" " ind2=" "><subfield code="a">Mode of access: Internet.</subfield></datafield><datafield tag="541" ind1=" " ind2=" "><subfield code="c">Gift ;</subfield><subfield code="a">Acquired from Frank E. Nuttall (1875-1943).</subfield></datafield><datafield tag="546" ind1=" " ind2=" "><subfield code="a">Persian.</subfield></datafield><datafield tag="561" ind1=" " ind2=" "><subfield code="a">Possible inventory marks on verso of front flyleaf in black ink "D F. 237 [?]" and in red ink "Lot 127" ; numerous notes and excerpts at opening and close of codex, a few in Devanagari / Hindi script, including ownership statement in brown ink in name of Robert Sumption dated 1750 / 1163 (see p.15) ; another ownership statement in name of Robert Sumption dated 1750 appears in brown ink on back flyleaf (p.184) "Seind, [Sindh ?] 1750 | انشا هركرن مال صاحب رابرت سامسين | Robert Sumption his book of Herkerons [?] Letters or Precedents of writings &amp; addresses" ; occasional glosses and marginal corrections.</subfield></datafield><datafield tag="650" ind1=" " ind2="0"><subfield code="a">Manuscripts, Persian</subfield><subfield code="z">Michigan</subfield><subfield code="z">Ann Arbor.</subfield></datafield><datafield tag="650" ind1=" " ind2="0"><subfield code="a">India</subfield><subfield code="x">History</subfield><subfield code="y">1526-1765</subfield><subfield code="v">Sources.</subfield></datafield><datafield tag="650" ind1=" " ind2="0"><subfield code="a">Letter writing, Persian</subfield><subfield code="z">India</subfield><subfield code="v">Early works to 1800.</subfield></datafield><datafield tag="650" ind1=" " ind2="0"><subfield code="a">Diplomatics, Persian</subfield><subfield code="z">India</subfield><subfield code="v">Early works to 1800.</subfield></datafield><datafield tag="650" ind1=" " ind2="0"><subfield code="a">Formularies (Diplomatics)</subfield><subfield code="v">Early works to 1800.</subfield></datafield><datafield tag="651" ind1=" " ind2="0"><subfield code="a">India</subfield><subfield code="x">Kings and rulers</subfield><subfield code="v">Correspondence.</subfield></datafield><datafield tag="700" ind1="1" ind2=" "><subfield code="a">Nuttall, Frank E.,</subfield><subfield code="d">1875-1943,</subfield><subfield code="e">former owner.</subfield></datafield><datafield tag="700" ind1="0" ind2=" "><subfield code="a">Robert Sumption,</subfield><subfield code="d">fl. 1750,</subfield><subfield code="e">former owner.</subfield></datafield><datafield tag="773" ind1="0" ind2=" "><subfield code="a">F. E. Nuttall Collection.</subfield></datafield><datafield tag="880" ind1="1" ind2="0"><subfield code="6">245-03/</subfield><subfield code="a">انشا هركرن,</subfield><subfield code="f">[پایان قرن 17م یا آغاز قرن 18م؟].</subfield></datafield><datafield tag="880" ind1="1" ind2="0"><subfield code="6">240-02/</subfield><subfield code="a">ارشاد الطالبين</subfield></datafield><datafield tag="880" ind1="0" ind2=" "><subfield code="6">100-01/</subfield><subfield code="a">هركرن بن متهراداس ملتانى،</subfield><subfield code="c">fl. 1625.</subfield></datafield><datafield tag="CID" ind1=" " ind2=" "><subfield code="a">006836759</subfield></datafield><datafield tag="DAT" ind1="0" ind2=" "><subfield code="a">20190719102641.0</subfield><subfield code="b">20190719000000.0</subfield></datafield><datafield tag="DAT" ind1="1" ind2=" "><subfield code="a">20190719090653.0</subfield><subfield code="b">2019-07-19T16:10:55Z</subfield></datafield><datafield tag="DAT" ind1="2" ind2=" "><subfield code="a">2015-10-02T18:00:03Z</subfield></datafield><datafield tag="CAT" ind1=" " ind2=" "><subfield code="a">SDR-MIU</subfield><subfield code="d">EX LIBRIS - ALEPH</subfield><subfield code="l">prepare.pl-004-008</subfield></datafield><datafield tag="FMT" ind1=" " ind2=" "><subfield code="a">BK</subfield></datafield><datafield tag="HOL" ind1=" " ind2=" "><subfield code="0">sdr-miu006836759</subfield><subfield code="a">MiU</subfield><subfield code="b">SDR</subfield><subfield code="c">MIU</subfield><subfield code="p">mdp.39015079132471</subfield><subfield code="s">MIU</subfield><subfield code="1">006836759</subfield></datafield><datafield tag="974" ind1=" " ind2=" "><subfield code="b">MIU</subfield><subfield code="c">MIU</subfield><subfield code="d">20190719</subfield><subfield code="s">lit-dlps-dc</subfield><subfield code="u">mdp.39015079132471</subfield><subfield code="y">1750</subfield><subfield code="r">pd</subfield><subfield code="q">bib</subfield><subfield code="t">non-US bib date2 &lt; 1896</subfield></datafield></record></collection>